{
  "leader": "05175cam a2200601Ia 4500",
  "fields": [
    {
      "001": "ocm56632055\\"
    },
    {
      "003": "OCoLC"
    },
    {
      "005": "20220104122032.0"
    },
    {
      "008": "040927s2005\\\\\\\\txuab\\\\\\\\b\\\\\\s001\\0\\eng\\\\"
    },
    {
      "010": {
        "ind1": "\\",
        "ind2": "\\",
        "subfields": [
          {
            "a": "  2004022777"
          }
        ]
      }
    },
    {
      "040": {
        "ind1": "\\",
        "ind2": "\\",
        "subfields": [
          {
            "a": "DLC"
          },
          {
            "b": "eng"
          },
          {
            "c": "DLC"
          },
          {
            "d": "YDX"
          },
          {
            "d": "BAKER"
          },
          {
            "d": "IXA"
          },
          {
            "d": "UV{dollar}"
          },
          {
            "d": "AGL"
          },
          {
            "d": "BTCTA"
          },
          {
            "d": "YDXCP"
          },
          {
            "d": "STF"
          },
          {
            "d": "IG#"
          },
          {
            "d": "GEBAY"
          },
          {
            "d": "UKM"
          },
          {
            "d": "AZU"
          },
          {
            "d": "OCLCQ"
          },
          {
            "d": "YUS"
          },
          {
            "d": "OCLCQ"
          },
          {
            "d": "BDX"
          },
          {
            "d": "MDY"
          },
          {
            "d": "OCLCF"
          },
          {
            "d": "OCLCA"
          },
          {
            "d": "OCLCQ"
          },
          {
            "d": "DEBBG"
          },
          {
            "d": "OCLCQ"
          },
          {
            "d": "OCLCA"
          },
          {
            "d": "AU@"
          },
          {
            "d": "OCLCA"
          }
        ]
      }
    },
    {
      "015": {
        "ind1": "\\",
        "ind2": "\\",
        "subfields": [
          {
            "a": "GBA548372"
          },
          {
            "2": "bnb"
          }
        ]
      }
    },
    {
      "016": {
        "ind1": "7",
        "ind2": "\\",
        "subfields": [
          {
            "a": "013215332"
          },
          {
            "2": "Uk"
          }
        ]
      }
    },
    {
      "019": {
        "ind1": "\\",
        "ind2": "\\",
        "subfields": [
          {
            "a": "60607606"
          },
          {
            "a": "1022650672"
          }
        ]
      }
    },
    {
      "020": {
        "ind1": "\\",
        "ind2": "\\",
        "subfields": [
          {
            "a": "0292706375"
          },
          {
            "q": "(cl. ;"
          },
          {
            "q": "alk. paper)"
          }
        ]
      }
    },
    {
      "020": {
        "ind1": "\\",
        "ind2": "\\",
        "subfields": [
          {
            "a": "9780292706378"
          },
          {
            "q": "(cl. ;"
          },
          {
            "q": "alk. paper)"
          }
        ]
      }
    },
    {
      "020": {
        "ind1": "\\",
        "ind2": "\\",
        "subfields": [
          {
            "a": "0292722141"
          },
          {
            "q": "(pbk.)"
          }
        ]
      }
    },
    {
      "020": {
        "ind1": "\\",
        "ind2": "\\",
        "subfields": [
          {
            "a": "9780292722149"
          },
          {
            "q": "(pbk.)"
          }
        ]
      }
    },
    {
      "035": {
        "ind1": "\\",
        "ind2": "\\",
        "subfields": [
          {
            "a": "(OCoLC)56632055"
          },
          {
            "z": "(OCoLC)60607606"
          },
          {
            "z": "(OCoLC)1022650672"
          }
        ]
      }
    },
    {
      "042": {
        "ind1": "\\",
        "ind2": "\\",
        "subfields": [
          {
            "a": "pcc"
          }
        ]
      }
    },
    {
      "043": {
        "ind1": "\\",
        "ind2": "\\",
        "subfields": [
          {
            "a": "n-mx---"
          }
        ]
      }
    },
    {
      "050": {
        "ind1": "0",
        "ind2": "0",
        "subfields": [
          {
            "a": "SD569"
          },
          {
            "b": ".C66 2005"
          }
        ]
      }
    },
    {
      "070": {
        "ind1": "0",
        "ind2": "\\",
        "subfields": [
          {
            "a": "SD569"
          },
          {
            "b": ".C66 2005"
          }
        ]
      }
    },
    {
      "082": {
        "ind1": "0",
        "ind2": "0",
        "subfields": [
          {
            "a": "333.750972"
          },
          {
            "b": "COM"
          }
        ]
      }
    },
    {
      "245": {
        "ind1": "0",
        "ind2": "4",
        "subfields": [
          {
            "a": "The community forests of Mexico :"
          },
          {
            "b": "managing for sustainable landscapes /"
          },
          {
            "c": "edited by David Barton Bray, Leticia Merino-Pe\u0301rez, and Deborah Barry."
          }
        ]
      }
    },
    {
      "250": {
        "ind1": "\\",
        "ind2": "\\",
        "subfields": [
          {
            "a": "1st ed."
          }
        ]
      }
    },
    {
      "260": {
        "ind1": "\\",
        "ind2": "\\",
        "subfields": [
          {
            "a": "Austin :"
          },
          {
            "b": "University of Texas Press,"
          },
          {
            "c": "2005."
          }
        ]
      }
    },
    {
      "300": {
        "ind1": "\\",
        "ind2": "\\",
        "subfields": [
          {
            "a": "xiii, 372 pages :"
          },
          {
            "b": "illustrations, maps ;"
          },
          {
            "c": "24 cm"
          }
        ]
      }
    },
    {
      "336": {
        "ind1": "\\",
        "ind2": "\\",
        "subfields": [
          {
            "a": "text"
          },
          {
            "b": "txt"
          },
          {
            "2": "rdacontent"
          }
        ]
      }
    },
    {
      "337": {
        "ind1": "\\",
        "ind2": "\\",
        "subfields": [
          {
            "a": "unmediated"
          },
          {
            "b": "n"
          },
          {
            "2": "rdamedia"
          }
        ]
      }
    },
    {
      "338": {
        "ind1": "\\",
        "ind2": "\\",
        "subfields": [
          {
            "a": "volume"
          },
          {
            "b": "nc"
          },
          {
            "2": "rdacarrier"
          }
        ]
      }
    },
    {
      "504": {
        "ind1": "\\",
        "ind2": "\\",
        "subfields": [
          {
            "a": "Includes bibliographical references."
          }
        ]
      }
    },
    {
      "505": {
        "ind1": "0",
        "ind2": "\\",
        "subfields": [
          {
            "a": "pt. 1. Introduction, history, and policy: Community managed in the strong sense of the phrase : the community forest enterprises of Mexico / David Barton Bray, Leticia Merino-Pe\u0301rez, and Deborah Barry ; Contested terrain : forestry regimes and community responses in northeastern Michoaca\u0301n, 1940-2000 / Christopher R. Boyer ; Forest and conservation policies and their impact of forest communities in Mexico / Leticia Merino-Pe\u0301rez and Gerardo Segura-Warnholtz ; Challenges for forest certification and community forestry in Mexico / Patricia Gerez-Ferna\u0301ndez and Enrique Alatorre-Guzma\u0301n -- pt. 2. Social processes and community forestry: Indigenous community forest management in the Sierra Jua\u0301rez, Oaxaca / Francisco Chapela ; Empowering community-based forestry in Oaxaca : the Union of Forest Communities and Ejidos of Oaxaca, 1985-1996 / Rodolfo Lo\u0301pez-Arzola -- New organizational strategies in community forestry in Dirango, Mexico / Peter Leigh Taylor -- Community adaptation or collective breakdown? : the emergence of \"work groups\" in two forestry ejodos in Quintana Roo, Mexico / Peter B. Wilshusen -- pt. 3. Ecology and land use change in community forestry: Ecological issues in community tropical forest management in Quintana Roo, Mexico / Henricus F.M. Vester amd Mari\u0301a Ange\u0301lica Navarro-Marti\u0301nez ; Land use/cover change in community-based forest management regions and protected areas in Mexiso / Elvira Dura\u0301n, Jean-Franc\u0327ois Mas, and Alejandro Vela\u0301zquez -- pt. 4. The economics of community forestry: Vertical integration in the community forestry enterprises of Oaxaca / Camille Antinori ; The managerial economics of sustainable community forestry in Mexico : a case study of El Balco\u0301n, Te\u0301cpan, Guerrero / Juan Manuel Tprres-Rojo, Alejandro Guevara-Sangine\u0301s, and David Barton Bray -- pt. 5. Global comparisons and conclusions: The global significance of Mexican community forestry / Dan Klooster and Shrinidhi Ambinakudige ; Community forstry in Mexico : twenty lessons learned and four future pathways / David Barton Bray."
          }
        ]
      }
    },
    {
      "520": {
        "ind1": "1",
        "ind2": "\\",
        "subfields": [
          {
            "a": "\"Mexico leads the world in community management of forests for the commercial production of timber. Yet this success story is not widely known, even in Mexico, despite the fact that communities around the globe are increasingly involved in managing their own forest resources. To assess the achievements and shortcomings of Mexico's community forest management programs and to offer approaches that can be applied in other parts of the world, this book collects fourteen articles that explore community forest management from historical, policy, economic, ecological, sociological, and political perspectives.\"--BOOK JACKET."
          }
        ]
      }
    },
    {
      "650": {
        "ind1": "\\",
        "ind2": "0",
        "subfields": [
          {
            "a": "Community forests"
          },
          {
            "z": "Mexico."
          }
        ]
      }
    },
    {
      "650": {
        "ind1": "\\",
        "ind2": "0",
        "subfields": [
          {
            "a": "Forest ecology"
          },
          {
            "z": "Mexico."
          }
        ]
      }
    },
    {
      "650": {
        "ind1": "\\",
        "ind2": "0",
        "subfields": [
          {
            "a": "Forest conservation"
          },
          {
            "z": "Mexico."
          }
        ]
      }
    },
    {
      "650": {
        "ind1": "\\",
        "ind2": "0",
        "subfields": [
          {
            "a": "Forests and forestry"
          },
          {
            "x": "Environmental aspects"
          },
          {
            "z": "Mexico."
          }
        ]
      }
    },
    {
      "650": {
        "ind1": "\\",
        "ind2": "7",
        "subfields": [
          {
            "a": "Community forests."
          },
          {
            "2": "fast"
          },
          {
            "0": "(OCoLC)fst00870917"
          }
        ]
      }
    },
    {
      "650": {
        "ind1": "\\",
        "ind2": "7",
        "subfields": [
          {
            "a": "Forest conservation."
          },
          {
            "2": "fast"
          },
          {
            "0": "(OCoLC)fst00932069"
          }
        ]
      }
    },
    {
      "650": {
        "ind1": "\\",
        "ind2": "7",
        "subfields": [
          {
            "a": "Forest ecology."
          },
          {
            "2": "fast"
          },
          {
            "0": "(OCoLC)fst00932104"
          }
        ]
      }
    },
    {
      "650": {
        "ind1": "\\",
        "ind2": "7",
        "subfields": [
          {
            "a": "Forests and forestry"
          },
          {
            "x": "Environmental aspects."
          },
          {
            "2": "fast"
          },
          {
            "0": "(OCoLC)fst00932679"
          }
        ]
      }
    },
    {
      "651": {
        "ind1": "\\",
        "ind2": "7",
        "subfields": [
          {
            "a": "Mexico."
          },
          {
            "2": "fast"
          },
          {
            "0": "(OCoLC)fst01211700"
          }
        ]
      }
    },
    {
      "700": {
        "ind1": "1",
        "ind2": "\\",
        "subfields": [
          {
            "a": "Bray, David Barton."
          }
        ]
      }
    },
    {
      "700": {
        "ind1": "1",
        "ind2": "\\",
        "subfields": [
          {
            "a": "Merino-Pe\u0301rez, Leticia."
          }
        ]
      }
    },
    {
      "700": {
        "ind1": "1",
        "ind2": "\\",
        "subfields": [
          {
            "a": "Barry, Deborah."
          }
        ]
      }
    },
    {
      "776": {
        "ind1": "0",
        "ind2": "8",
        "subfields": [
          {
            "i": "Online version:"
          },
          {
            "t": "Community forests of Mexico."
          },
          {
            "b": "1st ed."
          },
          {
            "d": "Austin : University of Texas Press, 2005"
          },
          {
            "w": "(OCoLC)657007123"
          }
        ]
      }
    },
    {
      "856": {
        "ind1": "4",
        "ind2": "1",
        "subfields": [
          {
            "3": "ebrary"
          },
          {
            "u": "http://site.ebrary.com/id/10185701"
          }
        ]
      }
    },
    {
      "856": {
        "ind1": "4",
        "ind2": "1",
        "subfields": [
          {
            "3": "Table of contents"
          },
          {
            "u": "http://catdir.loc.gov/catdir/toc/ecip051/2004022777.html"
          }
        ]
      }
    },
    {
      "856": {
        "ind1": "4",
        "ind2": "2",
        "subfields": [
          {
            "3": "Publisher description"
          },
          {
            "u": "http://catdir.loc.gov/catdir/description/texas051/2004022777.html"
          }
        ]
      }
    },
    {
      "994": {
        "ind1": "\\",
        "ind2": "\\",
        "subfields": [
          {
            "a": "Z0"
          },
          {
            "b": "NYRVC"
          }
        ]
      }
    },
    {
      "948": {
        "ind1": "\\",
        "ind2": "\\",
        "subfields": [
          {
            "h": "NO HOLDINGS IN NYRVC - 195 OTHER HOLDINGS"
          }
        ]
      }
    },
    {
      "999": {
        "ind1": "\\",
        "ind2": "\\",
        "subfields": [
          {
            "a": "00000000018910"
          }
        ]
      }
    }
  ]
}